<?xml version="1.0" encoding="UTF-8"?><collection xmlns="http://www.loc.gov/MARC21/slim"><record><leader>00391nam--2200133-i-4500</leader><controlfield tag="001">000020985</controlfield><controlfield tag="002">20161230</controlfield><controlfield tag="005">20161230201034</controlfield><controlfield tag="008">060222s1000------------r-----000-0-eng-d</controlfield><datafield ind1=" " ind2=" " tag="080"><subfield code="a">534.8:620.179.1(043)</subfield></datafield><datafield ind1=" " ind2=" " tag="100"><subfield code="a">G. Mateiasi</subfield></datafield><datafield ind1=" " ind2=" " tag="245"><subfield code="a">Contributii la analiza nedistructiva a structurilor metalice prin evaluarea emisiei de vibratii. teza</subfield></datafield><datafield ind1=" " ind2=" " tag="260"><subfield code="a">Bucuresti, Ifa, 1994</subfield></datafield><datafield ind1=" " ind2=" " tag="852"><subfield code="a">80289</subfield></datafield></record></collection>